<record><leader>00000cas a22000007a 4500</leader><controlfield tag="001">19882912</controlfield><controlfield tag="008">890616d19031914mouwr ne      0    0eng d</controlfield><datafield ind1=" " ind2=" " tag="010"><subfield code="a">sn 89066632 </subfield></datafield><datafield ind1=" " ind2=" " tag="040"><subfield code="a">MQN</subfield><subfield code="b">eng</subfield><subfield code="c">MQN</subfield><subfield code="d">OCLCQ</subfield></datafield><datafield ind1=" " ind2=" " tag="042"><subfield code="a">msc</subfield></datafield><datafield ind1="0" ind2="0" tag="245"><subfield code="a">Chronicle-reporter.</subfield></datafield><datafield ind1=" " ind2=" " tag="260"><subfield code="a">Cedar City, Mo. :</subfield><subfield code="b">R.R. Dunn,</subfield><subfield code="c">1903-</subfield></datafield><datafield ind1=" " ind2=" " tag="300"><subfield code="a">v.</subfield></datafield><datafield ind1=" " ind2=" " tag="310"><subfield code="a">Weekly</subfield></datafield><datafield ind1="0" ind2=" " tag="362"><subfield code="a">Vol. 9, no. 37 (July 2, 1903)-</subfield></datafield><datafield ind1="1" ind2=" " tag="362"><subfield code="a">Ceased in 1914?</subfield></datafield><datafield ind1=" " ind2=" " tag="752"><subfield code="a">United States</subfield><subfield code="b">Missouri</subfield><subfield code="c">Callaway</subfield><subfield code="d">Cedar City.</subfield></datafield><datafield ind1="0" ind2="4" tag="780"><subfield code="t">Cedar City chronicle</subfield><subfield code="w">(DLC)sn 89066631</subfield></datafield><datafield ind1="0" ind2="4" tag="780"><subfield code="t">Cedar City reporter</subfield></datafield></record>